@misc{mintic_estrategia_2022,
  title        = {Dominio de Estrategia de TI},
  author       = {{MinTIC}},
  year         = {2022},
  howpublished = {\url{https://mintic.gov.co/arquitecturaempresarial/630/articles-237660_recurso_1.pdf}},
  note         = {Accedido: 2025-04-20}
}

@misc{mintic_gobierno_2022,
  title        = {Dominio de Gobierno de TI},
  author       = {{MinTIC}},
  year         = {2022},
  howpublished = {\url{https://mintic.gov.co/arquitecturaempresarial/630/articles-237661_recurso_1.pdf}},
  note         = {Accedido: 2025-04-20}
}

@misc{mintic_sistemas_2022,
  title        = {Dominio de Gestión de Sistemas de Información},
  author       = {{MinTIC}},
  year         = {2022},
  howpublished = {\url{https://mintic.gov.co/arquitecturaempresarial/630/articles-398776_recurso_1.pdf}},
  note         = {Accedido: 2025-04-20}
}

@misc{mintic_informacion_2022,
  title        = {Dominio de Gestión de la Información},
  author       = {{MinTIC}},
  year         = {2022},
  howpublished = {\url{https://mintic.gov.co/arquitecturaempresarial/630/articles-237663_recurso_1.pdf}},
  note         = {Accedido: 2025-04-20}
}

@misc{mintic_servicios_2022,
  title        = {Dominio de Gestión de Servicios de TI},
  author       = {{MinTIC}},
  year         = {2022},
  howpublished = {\url{https://mintic.gov.co/arquitecturaempresarial/630/articles-237662_recurso_1.pdf}},
  note         = {Accedido: 2025-04-20}
}

@misc{mintic_apropiacion_2022,
  title        = {Dominio de Uso y Apropiación de TI},
  author       = {{MinTIC}},
  year         = {2022},
  howpublished = {\url{https://mintic.gov.co/arquitecturaempresarial/630/articles-237664_recurso_1.pdf}},
  note         = {Accedido: 2025-04-20}
}
