@techreport{MinTIC2021,
  title        = {Modelo de Gestión y de Gobierno TI Guía de Dominio de Información},
  author       = {{Ministerio de Tecnologías de la Información y las Comunicaciones}},
  year         = {2021},
  institution  = {MinTIC - Ministerio de Tecnologías de la Información y las Comunicaciones de Colombia},
  url          = {https://www.mintic.gov.co/arquitecturaempresarial/630/articles-237660_recurso_1.pdf},
  note         = {Accedido el 6 de abril de 2025}
}

@techreport{MinTIC2021marco,
  title        = {Marco de referencia de arquitectura empresarial para el Estado colombiano},
  author       = {{Ministerio de Tecnologías de la Información y las Comunicaciones}},
  year         = {2021},
  institution  = {MinTIC - Ministerio de Tecnologías de la Información y las Comunicaciones de Colombia},
  url          = {https://www.mintic.gov.co/arquitecturaempresarial/630/articles-237662_recurso_1.pdf},
  note         = {Accedido el 6 de abril de 2025}
}

@techreport{MinTIC2021guiaimplementacion,
  title        = {Guía para la implementación del marco de referencia de arquitectura empresarial},
  author       = {{Ministerio de Tecnologías de la Información y las Comunicaciones}},
  year         = {2021},
  institution  = {MinTIC - Ministerio de Tecnologías de la Información y las Comunicaciones de Colombia},
  url          = {https://www.mintic.gov.co/arquitecturaempresarial/630/articles-237664_recurso_1.pdf},
  note         = {Accedido el 6 de abril de 2025}
}

@misc{bermejo2023claves,
  author       = {Bermejo Rubio, Eduardo},
  title        = {Claves para implantar el Gobierno de los Datos},
  year         = {2023},
  howpublished = {\url{https://www.linkedin.com/pulse/claves-para-implantar-el-gobierno-de-los-datos-bermejo-rubio/}},
  note         = {Accedido el 30 de marzo de 2025}
}

@misc{huawei2023gestion,
  author       = {{Huawei Enterprise Community}},
  title        = {Gestión de la calidad del dato: Roles, procedimientos y tareas del proceso de calidad de datos},
  year         = {2023},
  url          = {https://forum.huawei.com/enterprise/intl/es/thread/Gesti%C3%B3n-de-la-calidad-del-dato-Roles-procedimientos-y-tareas-del-proceso-de-calidad-de-datos/667235976881258496?blogId=667235976881258496},
  note         = {Accedido el 30 de marzo de 2025}
}

@online{Exact2022,
  author       = {{Exact Software Perú}},
  title        = {5 mitos sobre la gestión de documentos electrónicos en las pymes},
  year         = {2022},
  url          = {https://www.exact.com.pe/noticias/mitos-gestion-documentos-electronicos-pymes},
  note         = {Accedido: 30 de marzo de 2025}
}

@online{ICDE2025,
  author       = {{Infraestructura Colombiana de Datos Espaciales (ICDE)}},
  title        = {Portal Oficial de la ICDE},
  year         = {2025},
  url          = {https://www.icde.gov.co/},
  note         = {Accedido: 30 de marzo de 2025}
}

@online{SRI2023,
  author       = {{Tax Strategy}},
  title        = {SRI expone logros y fortalece relaciones para el intercambio de información},
  year         = {2023},
  url          = {https://taxstrategy.com.ec/sri-expone-logros-y-fortalece-relaciones-para-el-intercambio-de-informacion/intercambio-de-informacion-entre-los-ordenadores-concepto-del-vector-la-transferencia-archivos-gestion-datos-y-copia-seguridad-113614459/},
  note         = {Accedido: 30 de marzo de 2025}
}

@online{MinTIC_SoftwareLibre,
  author       = {{Ministerio de Tecnologías de la Información y las Comunicaciones}},
  title        = {Software libre},
  year         = {2025},
  url          = {https://gobiernodigital.mintic.gov.co/portal/Iniciativas/Software-libre/},
  note         = {Accedido: 30 de marzo de 2025}
}

@online{MinTIC_MarcoInteroperabilidad,
  author       = {{Ministerio de Tecnologías de la Información y las Comunicaciones}},
  title        = {Marco de Interoperabilidad},
  year         = {2025},
  url          = {https://gobiernodigital.mintic.gov.co/portal/Iniciativas/Marco-de-Interoperabilidad/},
  note         = {Accedido: 30 de marzo de 2025}
}
