@inproceedings{Plaquet23,
  author={Alexis Plaquet and Hervé Bredin},
  title={{Powerset multi-class cross entropy loss for neural speaker diarization}},
  year=2023,
  booktitle={Proc. INTERSPEECH 2023},
}

@inproceedings{Bredin23,
  author={Hervé Bredin},
  title={{pyannote.audio 2.1 speaker diarization pipeline: principle, benchmark, and recipe}},
  year=2023,
  booktitle={Proc. INTERSPEECH 2023},
}

@misc{radford2022robustspeechrecognitionlargescale,
      title={Robust Speech Recognition via Large-Scale Weak Supervision}, 
      author={Alec Radford and Jong Wook Kim and Tao Xu and Greg Brockman and Christine McLeavey and Ilya Sutskever},
      year={2022},
      eprint={2212.04356},
      archivePrefix={arXiv},
      primaryClass={eess.AS},
      url={https://arxiv.org/abs/2212.04356}, 
}

@misc{youtube,
  author       = {{YouTube}},
  title        = {{YouTube}},
  howpublished = {\url{https://www.youtube.com}},
  year         = {2024},
  note         = {Accessed: 2025-05-14}
}

